@misc{bib:AES,
	title = {{ADVANCED ENCRYPTION STANDARD (AES)}},
	howpublished = {\url{https://doi.org/10.6028/NIST.FIPS.197}}
},

@misc{bib:STM,
	title = {{STM32L162RD)}},
	howpublished = {\url{https://my.st.com/content/my_st_com/en/products/microcontrollers/stm32-32-bit-arm-cortex-mcus/stm32l1-series/stm32l162/stm32l162rd.html}}
}
